<?xml version="1.0" encoding="UTF-8"?>
<collection xmlns:xsi="http://www.w3.org/2001/XMLSchema-instance" xsi:schemaLocation="http://www.loc.gov/MARC21/slim http://www.loc.gov/standards/marcxml/schema/MARC21slim.xsd" xmlns="http://www.loc.gov/MARC21/slim">
<record>
  <leader>00774cam a2200205 a 4500</leader>
  <controlfield tag="001">2982226</controlfield>
  <controlfield tag="003">NNC</controlfield>
  <controlfield tag="005">20150817132402.0</controlfield>
  <controlfield tag="008">010205s1951    le            000 0 arard</controlfield>
  <datafield tag="035" ind1=" " ind2=" ">
    <subfield code="a">(OCoLC)ocm45848797</subfield>
  </datafield>
  <datafield tag="035" ind1=" " ind2=" ">
    <subfield code="9">ASM9369CU</subfield>
  </datafield>
  <datafield tag="035" ind1=" " ind2=" ">
    <subfield code="a">(NNC)2982226</subfield>
  </datafield>
  <datafield tag="040" ind1=" " ind2=" ">
    <subfield code="a">IXA</subfield>
    <subfield code="c">IXA</subfield>
    <subfield code="d">ZCU</subfield>
  </datafield>
  <datafield tag="090" ind1=" " ind2=" ">
    <subfield code="a">PJ7750.I273</subfield>
    <subfield code="b">R5</subfield>
  </datafield>
  <datafield tag="100" ind1="1" ind2=" ">
    <subfield code="a">Ibn Shuhayd, Abū ʻĀmir Aḥmad,</subfield>
    <subfield code="d">992 or 993-1035.</subfield>
  </datafield>
  <datafield tag="245" ind1="1" ind2="0">
    <subfield code="a">Risālat al-tawābiʻ wa-al-zawābiʻ /</subfield>
    <subfield code="c">Ibn Shahīd al-Andalusī ; ṣaḥḥaḥahā wa-ḥaqqaqa mā fīhā wa-sharaḥahā wa-bawwabahā wa-ṣaddarahā bi-dirāsah tārīkhīyah adabīyah Buṭrus al-Bustānī.</subfield>
  </datafield>
  <datafield tag="260" ind1=" " ind2=" ">
    <subfield code="a">Bayrūt :</subfield>
    <subfield code="b">Maktabat Ṣādir,</subfield>
    <subfield code="c">1951.</subfield>
  </datafield>
  <datafield tag="300" ind1=" " ind2=" ">
    <subfield code="a">215 p. ;</subfield>
    <subfield code="c">20 cm.</subfield>
  </datafield>
  <datafield tag="700" ind1="1" ind2=" ">
    <subfield code="a">Bustānī, Buṭrus.</subfield>
  </datafield>
  <datafield tag="955" ind1=" " ind2=" ">
    <subfield code="b">0046032363</subfield>
    <subfield code="d">glx</subfield>
    <subfield code="e">PJ7750.I273 R5</subfield>
  </datafield>
</record>
</collection>